@Book{boyd:book:2009:cvx,
	author = {Boyd, S. and Vandenberghe, L.},
	title = {Convex Optimization},
	publisher = {{C}ambridge {U}niversity {P}ress},
	year = {2009},
	address = {New York, USA},
	edition = {7th}
}

@article{hamilton:hybrid_modeling:2017,
	author = {Hamilton, Franz and Lloyd, Alun and Flores, Kevin},
	year = {2017},
	month = {07},
	pages = {e1005655},
	title = {Hybrid modeling and prediction of dynamical systems},
	volume = {13},
	journal = {PLoS computational biology},
	doi = {10.1371/journal.pcbi.1005655}
}

@article{hernandez:economics_opt_w_mismatch:2019,
	title = "Economics Optimizing Control with Model Mismatch Based on Modifier Adaptation⁎⁎This work is part of the Collaborative Research Center ”Integrated Chemical Processes in Liquid Multiphase Systems” - InPROMPT. Financial support by the Deutsche Forschungsgemeinschaft (DFG) is gratefully acknowledged (TR63)",
	journal = "IFAC-PapersOnLine",
	volume = "52",
	number = "1",
	pages = "46 - 51",
	year = "2019",
	note = "12th IFAC Symposium on Dynamics and Control of Process Systems, including Biosystems DYCOPS 2019",
	issn = "2405-8963",
	doi = "https://doi.org/10.1016/j.ifacol.2019.06.035",
	url = "http://www.sciencedirect.com/science/article/pii/S240589631930120X",
	author = "Reinaldo Hernández and Sebastian Engell",
	keywords = "Economic Model Predictive Control, Economics Optimizing Control, Model-plant Mismatch, Modifier Adaptation"
}

@incollection{mishra:data_modeling:2018,
	title = "Chapter 8 - Data-Driven Modeling",
	editor = "Srikanta Mishra and Akhil Datta-Gupta",
	booktitle = "Applied Statistical Modeling and Data Analytics",
	publisher = "Elsevier",
	pages = "195 - 224",
	year = "2018",
	isbn = "978-0-12-803279-4",
	doi = "https://doi.org/10.1016/B978-0-12-803279-4.00008-0",
	url = "http://www.sciencedirect.com/science/article/pii/B9780128032794000080",
	author = "Srikanta Mishra and Akhil Datta-Gupta",
	keywords = "Data-driven, Random forest, Gradient boosting machine, Support vector machine, Artificial neural networks, Variable importance, Conditional sensitivity, Classification tree, Regression tree"	
}

@Book{fikar:identifikacia:1999,
	author = {Fikar, M. a Mikleš, J.},
	title = {Identifikácia systémov},
	publisher = {Vydavateľstvo STU v Bratislave},
	year = {1999},
	edition = {1. vydanie},
	OPTisbn = {ISBN 80-227-1177-2},
}

